% literat.bib Time-stamp: <2005-11-13 13:02:49 sander>

% ----- TODO: -----
% use "URL = ..." for web addresses instead of NOTE
% empty journal in [1333]
% empty journal in [1480]
% empty institution in [1250]
% empty note in [347]
% empty year in [347]; set to ????
% empty year in [286]; set to ????
% empty year in [411]; set to ????
% url in [938] is too long and creates "%" in bbl file
% -----------------

% Main bibliography file for BibTeX.

% use "and" to seperate authors and not "," !!!
% the "%" is NOT a comment character, but it works anyway (not inside entries)
% as long as it doesn't include the symbol "AT"

@string{ab     ={Anal. Biochem.}}
@string{ac     ={Anal. Chem.}}
@string{acp    ={Atmos. Chem. Phys.}}
@string{acpd   ={Atmos. Chem. Phys. Discuss.}}
@string{acr    ={Acc. Chem. Res.}}
@string{ae     ={Atmos. Environ.}} % include letter A-B with Vol 24..27
@string{aest   ={Adv. Environ. Sci. Technol.}} % Vol 24 = Gaseous Pollutants
@string{ag     ={Ann. Geophys.}}
@string{ags2   ={Ann. Geophys. Suppl. II}}
@string{aichej ={AIChE J.}}
@string{ajc    ={Aust. J. Chem.}}
@string{amstat ={Am. Stat.}}
@string{angew  ={Angew. Chem.}}
@string{ants   ={Antarct. Sci.}}
@string{anyas  ={Ann. N. Y. Acad. Sci.}}
@string{ao     ={Atmos. Ocean}}
@string{ar     ={Atmos. Res.}}
@string{areps  ={Annu. Rev. Earth Planet. Sci.}}
@string{as     ={Anal. Sci.}}
@string{asr    ={Adv. Space Res.}}
@string{ast    ={Aerosol Sci. Technol.}}
@string{baa    ={Baseline Atmospheric (Australia)}}
@string{bbpc   ={Ber. Bunsenges. Phys. Chem.}}
@string{cc     ={Comput. Chem.}}
@string{cce    ={Comput. Chem. Eng.}}
@string{ce     ={Chem. Eng.}} % include month
@string{ces    ={Chem. Eng. Sci.}}
@string{cgcs   ={Chemosphere - Global Change Science}} % abbreviation = ??
@string{chemo  ={Chemosphere}}
@string{chrom  ={Chromatographia}}
@string{cimb   ={CIM Bull.}}
@string{cjc    ={Can. J. Chem.}}
@string{cjr    ={Can. J. Res.}}
@string{cp     ={Chem. Phys.}}
@string{cpl    ={Chem. Phys. Lett.}}
@string{cr     ={Chem. Rev.}}
@string{crest  ={Crit. Rev. Environ. Sci. Technol.}}
@string{crhsas ={C. R. Hebd. Seances Acad. Sci.}}
@string{cz     ={Chem. Ztg.}}
@string{dsr    ={Deep-Sea Res.}}
@string{end    ={Endeavour}}
@string{eos    ={Eos, Trans. AGU}}
@string{eosas  ={Eos, Trans. AGU (Abstract Supplement)}}
@string{ep     ={Environ. Pollut.}}
@string{est    ={Environ. Sci. Technol.}}
@string{et     ={Environ. Technol.}}
@string{etc    ={Environ. Toxicol. Chem.}}
@string{etl    ={Environ. Technol. Lett.}}
@string{fd     ={Faraday Discuss.}}            % since volume 92
@string{fdcs   ={Faraday Discuss. Chem. Soc.}} % until volume 91
@string{fjac   ={Fresenius J. Anal. Chem.}}
@string{fpe    ={Fluid Phase Equilib.}}
@string{gbc    ={Global Biogeochem. Cycles}}
@string{gca    ={Geochim. Cosmochim. Acta}}
@string{geot   ={Geothermics}}
@string{gra    ={Geophys. Res. Abstr.}}
@string{grl    ={Geophys. Res. Lett.}}
@string{hca    ={Helv. Chim. Acta}}
@string{ic     ={Inorg. Chem.}}
@string{ica    ={Inorg. Chim. Acta}}
@string{iecr   ={Ind. Eng. Chem. Res.}}
@string{ijck   ={Int. J. Chem. Kinetics}}
@string{ijeac  ={Int. J. Environ. Anal. Chem.}}
@string{irpc   ={Int. Rev. Phys. Chem.}}
@string{jac    ={J. Atmos. Chem.}}
@string{jacs   ={J. Am. Chem. Soc.}}
@string{jafc   ={J. Agric. Food Chem.}}
@string{jam    ={J. Appl. Meteorol.}}
@string{japca  ={J. Air. Pollut. Control Assoc.}}
@string{jappl  ={J. Appl. Chem.}}
@string{jas    ={J. Aerosol Sci.}}
@string{jats   ={J. Atmos. Sci.}}
@string{jawma  ={J. Am. Waste Manage. Assoc.}}
@string{jc     ={J. Clim.}}
@string{jce    ={J. Chem. Educ.}}
@string{jced   ={J. Chem. Eng. Data}}
@string{jcej   ={J. Chem. Eng. Japan}}
@string{jchro  ={J. Chromatogr.}}
@string{jchroa ={J. Chromatogr. A}}
@string{jchros ={J. Chromatogr. Sci.}}
@string{jcp    ={J. Chem. Phys.}}
@string{jcs    ={J. Chem. Soc.}}
@string{jcsa   ={J. Chem. Soc. A}}
@string{jcsb   ={J. Chem. Soc. B}}
@string{jcsc   ={J. Chem. Soc. C}}
@string{jcscc  ={J. Chem. Soc. Chem. Commum.}} % no volume
@string{jcsdt  ={J. Chem. Soc. Dalton Trans.}}
@string{jcsft  ={J. Chem. Soc. Faraday Trans.}} % 1 and 2 merged since vol 86
@string{jcsft1 ={J. Chem. Soc. Faraday Trans. 1}} % before vol 68 see tfs
@string{jcsft2 ={J. Chem. Soc. Faraday Trans. 2}} % before vol 68 see tfs
@string{jcspt1 ={J. Chem. Soc. Perkin Trans. 1}} % no volume
@string{jcspt2 ={J. Chem. Soc. Perkin Trans. 2}} % no volume
@string{jct    ={J. Chem. Thermodyn.}}
@string{jcompp ={J. Comp. Phys.}}
@string{jgr    ={J. Geophys. Res.}} % include letter A-D for Vol >= 83
@string{jhm    ={J. Hazard. Mater.}}
@string{jinc   ={J. Inorg. Nucl. Chem.}}
@string{jlc    ={J. Liq. Chromatogr.}}
@string{jm     ={J. Meteorol.}}
@string{jms    ={J. Mol. Struct.}}
@string{jne    ={J. Nucl. Energy}}
@string{jnm    ={J. Nucl. Mater.}}
@string{joc    ={J. Org. Chem.}}
@string{jp     ={J. Photochem.}}
@string{jpc    ={J. Phys. Chem.}} % until Vol 100
@string{jpca   ={J. Phys. Chem. A}} % starting Vol 101
@string{jpcb   ={J. Phys. Chem. B}} % starting Vol 101
@string{jpcrd  ={J. Phys. Chem. Ref. Data}}
@string{jppa   ={J. Photochem. Photobiol. A: Chem.}}
@string{jrnc   ={J. Radioanal. Nucl. Chem.}}
@string{jsc    ={J. Solution Chem.}}
@string{jsr    ={J. Sea Res.}}
@string{lo     ={Limnol. Oceanogr.}}
@string{mc     ={Mar. Chem.}}
@string{meps   ={Mar. Ecol. Prog. Ser.}}
@string{mpb    ={Mar. Pollut. Bull.}}
@string{nat    ={Nature}}
@string{natwis ={Naturwissenschaften}}
@string{nim    ={Nucl. Instrum. Methods}}
@string{nimpr  ={Nucl. Instrum. Methods Phys. Res. B}} % correct??? qqq
@string{ogj    ={Oil Gas J.}}           % include NUMBER in addition to VOLUME
@string{pac    ={Pure Appl. Chem.}}
@string{pag    ={Pure Appl. Geophys.}}
@string{pccp   ={Phys. Chem. Chem. Phys.}} % new: combination of bbpc and jcsft
@string{phys   ={Physica}}
@string{prslb  ={Proc. R. Soc. Lond. B}}
@string{pss    ={Planet. Space Sci.}}
@string{qjrms  ={Q. J. R. Meteorol. Soc.}}
@string{rect   ={Rev. Environ. Contam. Toxicol.}}
@string{rg     ={Rev. Geophys.}}
@string{rgsp   ={Rev. Geophys. Space Phys.}}
@string{rjpcet ={Russ. J. Phys. Chem., Engl. Transl.}}
@string{rpc    ={Radiat. Phys. Chem.}}
@string{sc     ={Sci. China}}
@string{sci    ={Science}}
@string{sciam  ={Scientific American}}
@string{sdw    ={Spektrum der Wissenschaft}}
@string{sg     ={Surv. Geophys.}}
@string{tel    ={Tellus}} % include letter B for Vol >= 35
@string{tfs    ={Trans. Faraday Soc.}} % after vol 67 see jcsft1 and jcsft2
@string{wasp   ={Water Air Soil Pollut.}}
@string{wm     ={Waste Manage.}}
@string{wr     ={Wat. Res.}}
@string{wst    ={Wat. Sci. Tech.}}
@string{zac    ={Z. Angew. Chem.}}
@string{zn     ={Z. Naturforsch.}}
@string{zpc    ={Z. Phys. Chem.}}

%1686
@ARTICLE{KPP-SENSITIVITY-1,
AUTHOR       = {A. Sandu and D. Daescu and G. R. Carmichael},
TITLE        = {Direct and adjoint sensitivity analysis of chemical kinetic
systems with KPP: I -- Theory and software tools},
JOURNAL      = ae,
VOLUME       = {37},
PAGES        = {5083-5096},
YEAR         = 2003}

%1687
@ARTICLE{KPP-SENSITIVITY-2,
AUTHOR       = {D. Daescu and A. Sandu and G. R. Carmichael},
TITLE        = {Direct and adjoint sensitivity analysis of chemical kinetic
systems with KPP: II -- Validation and numerical experiments},
JOURNAL      = ae,
VOLUME       = {37},
PAGES        = {5097-5114},
YEAR         = 2003}

% 1552
@ARTICLE{KPP-CCE,
AUTHOR       = {V. Damian and A. Sandu and M. Damian and F. Potra and G. R.
Carmichael},
TITLE        = {The kinetic preprocessor {KPP} -- a software environment for
solving chemical kinetics},
JOURNAL      = cce,
VOLUME       = {26},
PAGES        = {1567-1579},
YEAR         = 2002}

%1553
@ARTICLE{BENCHMARK-1,
AUTHOR       = {A. Sandu and J. G. Verwer and M. Van Loon and G. R. Carmichael
and F. A. Potra and D. Dabdub and J. H. Seinfeld},
TITLE        = {Benchmarking stiff {ODE} solvers for atmospheric chemistry
problems--{I}. implicit vs explicit},
JOURNAL      = ae,
VOLUME       = {31},
PAGES        = {3151-3166},
YEAR         = 1997}

%1554
@ARTICLE{BENCHMARK-2,
AUTHOR       = {A. Sandu and J. G. Verwer and J. G. Blom and E. J. Spee and G.
R. Carmichael and F. A. Potra},
TITLE        = {Benchmarking stiff {ODE} solvers for atmospheric chemistry
problems {II}: {R}osenbrock solvers},
JOURNAL      = ae,
VOLUME       = {31},
PAGES        = {3459-3472},
YEAR         = 1997}

%%%%%%%%%%%%%%%%

@TECHREPORT{KPP-GUIDE,
AUTHOR       = {V. Damian and A. Sandu and M. Damian and G. R. Carmichael and
F. A. Potra},
TITLE        = {KPP -- A symbolic preprocessor for chemistry kinetics -- User's
guide},
TYPE         = {Technical report},
INSTITUTION  = {The University of Iowa, Iowa City, IA 52246},
YEAR         = 1995}

@ARTICLE{IMPLEMENTATION,
AUTHOR       = {A. Sandu and F. A. Potra and V. Damian and G. R. Carmichael},
TITLE        = {Efficient implementation of fully implicit methods for
atmospheric chemistry},
JOURNAL      = jcompp,
VOLUME       = {129},
PAGES        = {101-110},
YEAR         = 1996}

 
@book{k:HW1,
 author = "E.~ Hairer and S.P.~ Norsett and G.~ Wanner",
 title = " Solving Ordinary Differential Equations I.
           Nonstiff Problems.",
 editor = "",
 publisher = "Springer-Verlag, Berlin",
 year = "1993",
 pages = ""
 }

@book{k:HW2,
 author = "E.~ Hairer and G.~ Wanner",
 title = "Solving Ordinary Differential Equations II.
          Stiff and Differential-Algebraic Problems",
 editor = "",
 publisher = "Springer-Verlag, Berlin",
 year = "1991",
 pages = ""
 }

@article{k:Leis86a,
 author = "J.R. Leis and M.A. Kramer",
 title = "ODESSA -- An Ordinary Differential
     Equation Solver with Explicit Simultaneous Sensitivity Analysis",
 journal = "ACM Transactions on Mathematical Software",
 volume = "14",
 number = "1",
 year = "1986",
 pages = "61-67"
 }

@book{LSODE,
 author = {K. Radhakrishnan and A. Hindmarsh},
 title = {Description and use of LSODE, the Livermore solver for
           differential equations},
 journal = {Lawrence Livermore National laboratory Report UCRL-ID-113855},
 publisher = {NASA reference publication 1327},
 year = {1993}
}
 
@article{VODE,
 author = "P.N.~ Brown and G.D.~ Byrne and A.C.~ Hindmarsh",
 title = "VODE: A Variable Step ODE Solver",
 journal = "SIAM J. Sci. Stat. Comput.",
 volume = "10",
 year = "1989",
 pages = "1038--1051"
 }

@article{Verwer99,
 author = "J.~ Verwer and E.J.~Spee and J. G.~ Blom and W.~ Hunsdorfer",
 title = "A second order Rosenbrock method applied to photochemical
           dispersion problems",
 journal = "SIAM Journal on Scientific Computing",
 volume = "20",
 pages = "1456--1480",
 year = "1999"
 }
