% Main bibliography file for BibTeX.

% use "and" to seperate authors and not "," !!!
% the "%" is NOT a comment character, but it works anyway (not inside entries)
% as long as it doesn't include the symbol "AT"

@string{ab     ={Anal. Biochem.}}
@string{ac     ={Anal. Chem.}}
@string{acp    ={Atmos. Chem. Phys.}}
@string{acpd   ={Atmos. Chem. Phys. Discuss.}}
@string{acr    ={Acc. Chem. Res.}}
@string{ae     ={Atmos. Environ.}} % include letter A-B with Vol 24..27
@string{aest   ={Adv. Environ. Sci. Technol.}} % Vol 24 = Gaseous Pollutants
@string{ag     ={Ann. Geophys.}}
@string{ags2   ={Ann. Geophys. Suppl. II}}
@string{aichej ={AIChE J.}}
@string{ajc    ={Aust. J. Chem.}}
@string{amstat ={Am. Stat.}}
@string{angew  ={Angew. Chem.}}
@string{ants   ={Antarct. Sci.}}
@string{anyas  ={Ann. N. Y. Acad. Sci.}}
@string{ao     ={Atmos. Ocean}}
@string{ar     ={Atmos. Res.}}
@string{areps  ={Annu. Rev. Earth Planet. Sci.}}
@string{as     ={Anal. Sci.}}
@string{asr    ={Adv. Space Res.}}
@string{ast    ={Aerosol Sci. Technol.}}
@string{baa    ={Baseline Atmospheric (Australia)}}
@string{bbpc   ={Ber. Bunsenges. Phys. Chem.}}
@string{cc     ={Comput. Chem.}}
@string{cce    ={Comput. Chem. Eng.}}
@string{ce     ={Chem. Eng.}} % include month
@string{ces    ={Chem. Eng. Sci.}}
@string{cgcs   ={Chemosphere - Global Change Science}} % abbreviation = ??
@string{chemo  ={Chemosphere}}
@string{chrom  ={Chromatographia}}
@string{cimb   ={CIM Bull.}}
@string{cjc    ={Can. J. Chem.}}
@string{cjr    ={Can. J. Res.}}
@string{cp     ={Chem. Phys.}}
@string{cpl    ={Chem. Phys. Lett.}}
@string{cr     ={Chem. Rev.}}
@string{crest  ={Crit. Rev. Environ. Sci. Technol.}}
@string{crhsas ={C. R. Hebd. Seances Acad. Sci.}}
@string{cz     ={Chem. Ztg.}}
@string{dsr    ={Deep-Sea Res.}}
@string{end    ={Endeavour}}
@string{eos    ={Eos, Trans. AGU}}
@string{eosas  ={Eos, Trans. AGU (Abstract Supplement)}}
@string{ep     ={Environ. Pollut.}}
@string{est    ={Environ. Sci. Technol.}}
@string{et     ={Environ. Technol.}}
@string{etc    ={Environ. Toxicol. Chem.}}
@string{etl    ={Environ. Technol. Lett.}}
@string{fd     ={Faraday Discuss.}}            % since volume 92
@string{fdcs   ={Faraday Discuss. Chem. Soc.}} % until volume 91
@string{fjac   ={Fresenius J. Anal. Chem.}}
@string{fpe    ={Fluid Phase Equilib.}}
@string{gbc    ={Global Biogeochem. Cycles}}
@string{gca    ={Geochim. Cosmochim. Acta}}
@string{geot   ={Geothermics}}
@string{gmd    ={Geosci. Model Dev.}}
@string{gra    ={Geophys. Res. Abstr.}}
@string{grl    ={Geophys. Res. Lett.}}
@string{hca    ={Helv. Chim. Acta}}
@string{ic     ={Inorg. Chem.}}
@string{ica    ={Inorg. Chim. Acta}}
@string{iecr   ={Ind. Eng. Chem. Res.}}
@string{ijck   ={Int. J. Chem. Kinetics}}
@string{ijeac  ={Int. J. Environ. Anal. Chem.}}
@string{irpc   ={Int. Rev. Phys. Chem.}}
@string{jac    ={J. Atmos. Chem.}}
@string{jacs   ={J. Am. Chem. Soc.}}
@string{jafc   ={J. Agric. Food Chem.}}
@string{jam    ={J. Appl. Meteorol.}}
@string{james  ={J. Adv. Model. Earth Syst.}}
@string{japca  ={J. Air. Pollut. Control Assoc.}}
@string{jappl  ={J. Appl. Chem.}}
@string{jas    ={J. Aerosol Sci.}}
@string{jats   ={J. Atmos. Sci.}}
@string{jawma  ={J. Am. Waste Manage. Assoc.}}
@string{jc     ={J. Clim.}}
@string{jce    ={J. Chem. Educ.}}
@string{jced   ={J. Chem. Eng. Data}}
@string{jcej   ={J. Chem. Eng. Japan}}
@string{jchro  ={J. Chromatogr.}}
@string{jchroa ={J. Chromatogr. A}}
@string{jchros ={J. Chromatogr. Sci.}}
@string{jcompp ={J. Comput. Phys.}}
@string{jcp    ={J. Chem. Phys.}}
@string{jcs    ={J. Chem. Soc.}}
@string{jcsa   ={J. Chem. Soc. A}}
@string{jcsb   ={J. Chem. Soc. B}}
@string{jcsc   ={J. Chem. Soc. C}}
@string{jcscc  ={J. Chem. Soc. Chem. Commum.}} % no volume
@string{jcsdt  ={J. Chem. Soc. Dalton Trans.}}
@string{jcsft  ={J. Chem. Soc. Faraday Trans.}} % 1 and 2 merged since vol 86
@string{jcsft1 ={J. Chem. Soc. Faraday Trans. 1}} % before vol 68 see tfs
@string{jcsft2 ={J. Chem. Soc. Faraday Trans. 2}} % before vol 68 see tfs
@string{jcspt1 ={J. Chem. Soc. Perkin Trans. 1}} % no volume
@string{jcspt2 ={J. Chem. Soc. Perkin Trans. 2}} % no volume
@string{jct    ={J. Chem. Thermodyn.}}
@string{jgr    ={J. Geophys. Res.}} % include letter A-D for Vol >= 83
@string{jhm    ={J. Hazard. Mater.}}
@string{jinc   ={J. Inorg. Nucl. Chem.}}
@string{jlc    ={J. Liq. Chromatogr.}}
@string{jm     ={J. Meteorol.}}
@string{jms    ={J. Mol. Struct.}}
@string{jne    ={J. Nucl. Energy}}
@string{jnm    ={J. Nucl. Mater.}}
@string{joc    ={J. Org. Chem.}}
@string{jp     ={J. Photochem.}}
@string{jpc    ={J. Phys. Chem.}} % until Vol 100
@string{jpca   ={J. Phys. Chem. A}} % starting Vol 101
@string{jpcb   ={J. Phys. Chem. B}} % starting Vol 101
@string{jpcrd  ={J. Phys. Chem. Ref. Data}}
@string{jppa   ={J. Photochem. Photobiol. A: Chem.}}
@string{jrnc   ={J. Radioanal. Nucl. Chem.}}
@string{jsc    ={J. Solution Chem.}}
@string{jsr    ={J. Sea Res.}}
@string{lo     ={Limnol. Oceanogr.}}
@string{mc     ={Mar. Chem.}}
@string{meps   ={Mar. Ecol. Prog. Ser.}}
@string{mpb    ={Mar. Pollut. Bull.}}
@string{nat    ={Nature}}
@string{natwis ={Naturwissenschaften}}
@string{nim    ={Nucl. Instrum. Methods}}
@string{nimpr  ={Nucl. Instrum. Methods Phys. Res. B}} % correct??? qqq
@string{ogj    ={Oil Gas J.}}           % include NUMBER in addition to VOLUME
@string{pac    ={Pure Appl. Chem.}}
@string{pag    ={Pure Appl. Geophys.}}
@string{pccp   ={Phys. Chem. Chem. Phys.}} % new: combination of bbpc and jcsft
@string{phys   ={Physica}}
@string{prslb  ={Proc. R. Soc. Lond. B}}
@string{pss    ={Planet. Space Sci.}}
@string{qjrms  ={Q. J. R. Meteorol. Soc.}}
@string{rect   ={Rev. Environ. Contam. Toxicol.}}
@string{rg     ={Rev. Geophys.}}
@string{rgsp   ={Rev. Geophys. Space Phys.}}
@string{rjpcet ={Russ. J. Phys. Chem., Engl. Transl.}}
@string{rpc    ={Radiat. Phys. Chem.}}
@string{sc     ={Sci. China}}
@string{sci    ={Science}}
@string{sciam  ={Scientific American}}
@string{sdw    ={Spektrum der Wissenschaft}}
@string{sg     ={Surv. Geophys.}}
@string{tel    ={Tellus}} % include letter B for Vol >= 35
@string{tfs    ={Trans. Faraday Soc.}} % after vol 67 see jcsft1 and jcsft2
@string{wasp   ={Water Air Soil Pollut.}}
@string{wm     ={Waste Manage.}}
@string{wr     ={Wat. Res.}}
@string{wst    ={Wat. Sci. Tech.}}
@string{zac    ={Z. Angew. Chem.}}
@string{zn     ={Z. Naturforsch.}}
@string{zpc    ={Z. Phys. Chem.}}

@techreport{Curtis_and_Sweetenham_1987,
 author       = {A. R. Curtis and W. P. Sweetenham},
 title        = {Facsimile/Chekmat User's Manual},
 institution  = {Computer Science and Systems Division, Harwell Lab.,
                 Oxfordshire, Great Britain},
 month        = {aug},
 year         = {1987}
}

@article{von_Glasow_et_al.2002,
 author       = {R. {von Glasow} and R. Sander and A. Bott and P. J. Crutzen},
 title        = {Modeling halogen chemistry in the marine boundary layer.
                 1. {C}loud-free MBL},
 journal      = jgr,
 volume       = {107D},
 eid          = {4341},
 doi          = {10.1029/2001JD000942},
 year         = {2002}
}

@article{von_Kuhlmann_et_al.2003,
 author       = {R. von Kuhlmann and M. G. Lawrence and P. J. Crutzen and P. J.
                 Rasch},
 title        = {A model for studies of tropospheric ozone and nonmethane
                 hydrocarbons: Model description and ozone results},
 journal      = jgr,
 volume       = {108D},
 doi          = {10.1029/2002JD002893},
 year         = {2003}
}

@article{Djouad_Sportisse_Audiffren_2003,
 author       = {R. Djouad and B. Sportisse and N. Audiffren},
 title        = {Reduction of multiphase atmospheric chemistry},
 journal      = jac,
 volume       = {46},
 pages        = {131-157},
 DOI          = {10.1023/A:1026067610565},
 year         = {2003}
}

@article{Atkinson_et_al._2004,
 author       = {R. Atkinson and D. L. Baulch and R. A. Cox and J. N.
                  Crowley and R. F. Hampson and R. G. Hynes and M. E.
                  Jenkin and M. J. Rossi and J. Troe},
 title        = {Evaluated kinetic and photochemical data for
                  atmospheric chemistry: Volume {I} -- gas phase reactions
                  of {Ox}, {HOx}, {NOx}, and {SOx} species},
 journal      = acp,
 volume       = {4},
 pages        = {1461-1738},
 doi          = {10.5194/ACP-4-1461-2004},
 year         = {2004}
}

@article{Lehmann_2004,
 author       = {R. Lehmann},
 title        = {An algorithm for the determination of all significant pathways
                 in chemical reaction systems},
 journal      = jac,
 volume       = {47},
 pages        = {45-78},
 DOI          = {10.1023/B:JOCH.0000012284.28801.B1},
 year         = {2004}
}

@article{Sander_et_al._2005,
 author       = {R. Sander and A. Kerkweg and P. J\"ockel and J. Lelieveld},
 title        = {Technical Note: The new comprehensive atmospheric chemistry
                 module {MECCA}},
 journal      = acp,
 volume       = {5},
 pages        = {445-450},
 DOI          = {10.5194/ACP-5-445-2005},
 year         = {2005}
}

@article{Trentman_2003,
 author       = {J. Trentmann and M. O. Andreae and H.-F. Graf},
 title        = {Chemical processes in a young biomass-burning plume},
 journal      = jgr,
 volume       = {108D},
 doi          = {10.1029/2003JD003732},
 year         = 2003
}

@article{Tang_et_al.2003,
 author       = {Y. Tang and G. R. Carmichael and I. Uno and J.-H. Woo and G.
                 Kurata and B. Lefer and R. E. Shetter and H. Huang and
                 B. E. Anderson and M. A. Avery and A. D. Clarke and D. R.
                 Blake},
 title        = {Impacts of aerosols and clouds on photolysis frequencies and
                 photochemistry during TRACE-P: 2. Three-dimensional study using
                 a regional chemical transport model},
 journal      = jgr,
 volume       = {108D},
 doi          = {10.1029/2002JD003100},
 year         = {2003}
}

@article{Sandu_Daescu_and_Carmichael_2003a,
 author       = {A. Sandu and D. Daescu and G. R. Carmichael},
 title        = {Direct and adjoint sensitivity analysis of chemical kinetic
                 systems with {KPP}: {I} -- Theory and software tools},
 journal      = ae,
 volume       = {37},
 pages        = {5083-5096},
 DOI          = {10.1016/J.ATMOSENV.2003.08.019},
 year         = {2003}
}

@article{Daescu_Sandu_and_Carmichael_2003b,
 author       = {D. Daescu and A. Sandu and G. R. Carmichael},
 title        = {Direct and adjoint sensitivity analysis of chemical kinetic
                 systems with {KPP}: {II} -- Validation and numerical experiments},
 journal      = ae,
 volume       = {37},
 pages        = {5097-5114},
 DOI          = {10.1016/J.ATMOSENV.2003.08.020},
 year         = {2003}
}

@mastersthesis{Damian-Iordache_1996,
 author       = {V. Damian-Iordache},
 title        = {{KPP} -- Chemistry simulation development environment},
 school       = {University of Iowa, USA},
 year         = {1996}
}

@book{Hairer_and_Wanner_1991,
 author       = {E. Hairer and G. Wanner},
 title        = {Solving Ordinary Differential Equations II.
                 Stiff and Differential-Algebraic Problems},
 publisher    = {Springer-Verlag, Berlin},
 year         = {1991},
}

@book{Hairer_and_Wanner_1996,
 author       = {E. Hairer and G. Wanner},
 title        = {Solving Ordinary Differential Equations II. Stiff and
                 Differential-Algebraic Problems},
 publisher    = {Springer-Verlag},
 DOI          = {10.1007/978-3-642-05221-7},
 year         = {1996}
}

@book{Hairer_Norsett_and_Wanner_1987,
 author       = {E. Hairer and S. P. Norsett and G. Wanner},
 title        = {Solving Ordinary Differential Equations I. Nonstiff Problems.},
 publisher    = {Springer-Verlag, Berlin},
 year         = {1987}
}

@article{Damian_et_al_2002,
 author       = {V. Damian and A. Sandu and M. Damian and F. Potra and G. R.
                 Carmichael},
 title        = {The kinetic preprocessor {KPP} -- a software environment for
                solving chemical kinetics},
 journal      = cce,
 volume       = {26},
 pages        = {1567-1579},
 DOI          = {10.1016/S0098-1354(02)00128-X},
 year         = {2002}
}

@article{Sandu_et_al._1997a,
 author       = {A. Sandu and J. G. Verwer and M. Van Loon and G. R. Carmichael
                 and F. A. Potra and D. Dabdub and J. H. Seinfeld},
 title        = {Benchmarking stiff {ODE} solvers for atmospheric chemistry
                 problems--{I}. implicit vs explicit},
 journal      = ae,
 volume       = {31},
 pages        = {3151-3166},
 DOI          = {10.1016/S1352-2310(97)00059-9},
 year         = {1997}
}

@article{Sandu_et_al._1997b,
 author       = {A. Sandu and J. G. Verwer and J. G. Blom and E. J. Spee and G.
                 R. Carmichael and F. A. Potra},
 title        = {Benchmarking stiff {ODE} solvers for atmospheric chemistry
                 problems {II}: {R}osenbrock solvers},
 journal      = ae,
 volume       = {31},
 pages        = {3459-3472},
 DOI          = {10.1016/S1352-2310(97)83212-8},
 year         = {1997}
}

@techreport{Damian_et_al._1995,
 author       = {V. Damian and A. Sandu and M. Damian and G. R. Carmichael
                 and F. A. Potra},
 title        = {{KPP} -- A symbolic preprocessor for chemistry kinetics --
                 User's guide},
 type         = {Technical report},
 institution  = {The University of Iowa, Iowa City, IA 52246},
 year         = {1995}
}

@article{Sandu_et_al._1996,
 author       = {A. Sandu and F. A. Potra and V. Damian and G. R. Carmichael},
 title        = {Efficient implementation of fully implicit methods for
                 atmospheric chemistry},
 journal      = jcompp,
 volume       = {129},
 pages        = {101-110},
 year         = {1996}
}

@article{Leis_and_Kramer_1986,
 author       = {J. R. Leis and M. A. Kramer},
 title        = {ODESSA -- An Ordinary Differential Equation Solver
                 with Explicit Simultaneous Sensitivity Analysis},
 journal      = {ACM Transactions on Mathematical Software},
 volume       = {14},
 number       = {1},
 year         = {1986},
 pages        = {61-67}
 }

@book{Radhakrishnan_and_Hindmarsh_1993,
 author       = {K. Radhakrishnan and A. Hindmarsh},
 title        = {Description and use of LSODE, the Livermore solver for
                 differential equations},
 journal      = {Lawrence Livermore National laboratory Report UCRL-ID-113855},
 publisher    = {NASA reference publication 1327},
 year         = {1993}
}

@article{Brown_Byrne_and_Hindmarsh_1989,
 author       = {P. N. Brown and G. D. Byrne and A. C. Hindmarsh},
 title        = {{VODE}: A Variable Step ODE Solver},
 journal      = {SIAM J. Sci. Stat. Comput.},
 volume       = {10},
 year         = {1989},
 pages        = {1038--1051}
}

@article{Verwer_et_al._1999,
 author       = {J. Verwer and E. J. Spee and J. G. Blom and W. Hunsdorfer},
 title        = {A second order Rosenbrock method applied to photochemical
                dispersion problems},
 journal      = {SIAM Journal on Scientific Computing},
 volume       = {20},
 pages        = {1456--1480},
 year         = {1999}
}

@article{Santillana_et_al._2010,
    author    = {M. Santillana and P. {Le Sager} and D. J. Jacob and
                 M. P. Brenner},
    title     = {An adaptive reduction algorithm for efficient chemical
                 calculations in global atmospheric chemistry models},
    journal   = ae,
    volume    = {44},
    number    = {35},
    pages     = {4426-4431},
    year      = {2010},
    issn      = {1352-2310},
    doi       = {10.1016/j.atmosenv.2010.07.044}
}

@article{Shen_et_al._2020,
  author      = {L. Shen and D. J. Jacob and M. Santillana and X. Wang and
                 W. Chen}, 
  title       = {An adaptive method for speeding up the numerical integration
                 of chemical mechanisms in atmospheric chemistry models:
		 application to {GEOS-Chem} version 12.0.0},
  journal     = gmd,
  volume      = {13},
  pages       = {2475--2486},
  doi         = {10.5194/gmd-13-2475-2020},
  year        = {2020}
}

@article{Lin_et_al._2022,
 author       = {H. Lin and M. S. Long and R. Sander and A. Sandu and R.
                  M. Yantosca and L. A. Estrada and L. Shen and D. J.
                  Jacob},
 title        = {An adaptive auto-reduction solver for speeding up
                  integration of chemical kinetics in atmospheric
                  chemistry models: implementation and evaluation within
                  the Kinetic Pre-Processor ({KPP}) version 3.0.0},
 journal      = james,
 pages        = {2022MS003293},
 doi          = {10.1029/2022MS003293},
 year         = {2023}
}

@ARTICLE{Sandu_and_Sander_2006,
  AUTHOR =       {A. Sandu and R. Sander},
  TITLE =        {Technical note: Simulating chemical systems in
                  Fortran90 and Matlab with the Kinetic PreProcessor
                  KPP-2.1},
  JOURNAL =      acp,
  VOLUME =       6,
  PAGES =        {187-195},
  DOI =          {10.5194/ACP-6-187-2006},
  YEAR =         2006
}

