% literat.bib Time-stamp: <2022-03-17 12:06:47 sander>

% ----- TODO: -----
% use "URL = ..." for web addresses instead of NOTE
% empty journal in [1333]
% empty journal in [1480]
% empty institution in [1250]
% empty note in [347]
% empty year in [347]; set to ????
% empty year in [286]; set to ????
% empty year in [411]; set to ????
% url in [938] is too long and creates "%" in bbl file
% -----------------

% Main bibliography file for BibTeX.

% use "and" to seperate authors and not "," !!!
% the "%" is NOT a comment character, but it works anyway (not inside entries)
% as long as it doesn't include the symbol "AT"

@string{ab     ={Anal. Biochem.}}
@string{ac     ={Anal. Chem.}}
@string{acp    ={Atmos. Chem. Phys.}}
@string{acpd   ={Atmos. Chem. Phys. Discuss.}}
@string{acr    ={Acc. Chem. Res.}}
@string{ae     ={Atmos. Environ.}} % include letter A-B with Vol 24..27
@string{aest   ={Adv. Environ. Sci. Technol.}} % Vol 24 = Gaseous Pollutants
@string{ag     ={Ann. Geophys.}}
@string{ags2   ={Ann. Geophys. Suppl. II}}
@string{aichej ={AIChE J.}}
@string{ajc    ={Aust. J. Chem.}}
@string{amstat ={Am. Stat.}}
@string{angew  ={Angew. Chem.}}
@string{ants   ={Antarct. Sci.}}
@string{anyas  ={Ann. N. Y. Acad. Sci.}}
@string{ao     ={Atmos. Ocean}}
@string{ar     ={Atmos. Res.}}
@string{areps  ={Annu. Rev. Earth Planet. Sci.}}
@string{as     ={Anal. Sci.}}
@string{asr    ={Adv. Space Res.}}
@string{ast    ={Aerosol Sci. Technol.}}
@string{baa    ={Baseline Atmospheric (Australia)}}
@string{bbpc   ={Ber. Bunsenges. Phys. Chem.}}
@string{cc     ={Comput. Chem.}}
@string{cce    ={Comput. Chem. Eng.}}
@string{ce     ={Chem. Eng.}} % include month
@string{ces    ={Chem. Eng. Sci.}}
@string{cgcs   ={Chemosphere - Global Change Science}} % abbreviation = ??
@string{chemo  ={Chemosphere}}
@string{chrom  ={Chromatographia}}
@string{cimb   ={CIM Bull.}}
@string{cjc    ={Can. J. Chem.}}
@string{cjr    ={Can. J. Res.}}
@string{cp     ={Chem. Phys.}}
@string{cpl    ={Chem. Phys. Lett.}}
@string{cr     ={Chem. Rev.}}
@string{crest  ={Crit. Rev. Environ. Sci. Technol.}}
@string{crhsas ={C. R. Hebd. Seances Acad. Sci.}}
@string{cz     ={Chem. Ztg.}}
@string{dsr    ={Deep-Sea Res.}}
@string{end    ={Endeavour}}
@string{eos    ={Eos, Trans. AGU}}
@string{eosas  ={Eos, Trans. AGU (Abstract Supplement)}}
@string{ep     ={Environ. Pollut.}}
@string{est    ={Environ. Sci. Technol.}}
@string{et     ={Environ. Technol.}}
@string{etc    ={Environ. Toxicol. Chem.}}
@string{etl    ={Environ. Technol. Lett.}}
@string{fd     ={Faraday Discuss.}}            % since volume 92
@string{fdcs   ={Faraday Discuss. Chem. Soc.}} % until volume 91
@string{fjac   ={Fresenius J. Anal. Chem.}}
@string{fpe    ={Fluid Phase Equilib.}}
@string{gbc    ={Global Biogeochem. Cycles}}
@string{gca    ={Geochim. Cosmochim. Acta}}
@string{geot   ={Geothermics}}
@string{gra    ={Geophys. Res. Abstr.}}
@string{grl    ={Geophys. Res. Lett.}}
@string{hca    ={Helv. Chim. Acta}}
@string{ic     ={Inorg. Chem.}}
@string{ica    ={Inorg. Chim. Acta}}
@string{iecr   ={Ind. Eng. Chem. Res.}}
@string{ijck   ={Int. J. Chem. Kinetics}}
@string{ijeac  ={Int. J. Environ. Anal. Chem.}}
@string{irpc   ={Int. Rev. Phys. Chem.}}
@string{jac    ={J. Atmos. Chem.}}
@string{jacs   ={J. Am. Chem. Soc.}}
@string{jafc   ={J. Agric. Food Chem.}}
@string{jam    ={J. Appl. Meteorol.}}
@string{japca  ={J. Air. Pollut. Control Assoc.}}
@string{jappl  ={J. Appl. Chem.}}
@string{jas    ={J. Aerosol Sci.}}
@string{jats   ={J. Atmos. Sci.}}
@string{jawma  ={J. Am. Waste Manage. Assoc.}}
@string{jc     ={J. Clim.}}
@string{jce    ={J. Chem. Educ.}}
@string{jced   ={J. Chem. Eng. Data}}
@string{jcej   ={J. Chem. Eng. Japan}}
@string{jchro  ={J. Chromatogr.}}
@string{jchroa ={J. Chromatogr. A}}
@string{jchros ={J. Chromatogr. Sci.}}
@string{jcp    ={J. Chem. Phys.}}
@string{jcs    ={J. Chem. Soc.}}
@string{jcsa   ={J. Chem. Soc. A}}
@string{jcsb   ={J. Chem. Soc. B}}
@string{jcsc   ={J. Chem. Soc. C}}
@string{jcscc  ={J. Chem. Soc. Chem. Commum.}} % no volume
@string{jcsdt  ={J. Chem. Soc. Dalton Trans.}}
@string{jcsft  ={J. Chem. Soc. Faraday Trans.}} % 1 and 2 merged since vol 86
@string{jcsft1 ={J. Chem. Soc. Faraday Trans. 1}} % before vol 68 see tfs
@string{jcsft2 ={J. Chem. Soc. Faraday Trans. 2}} % before vol 68 see tfs
@string{jcspt1 ={J. Chem. Soc. Perkin Trans. 1}} % no volume
@string{jcspt2 ={J. Chem. Soc. Perkin Trans. 2}} % no volume
@string{jct    ={J. Chem. Thermodyn.}}
@string{jgr    ={J. Geophys. Res.}} % include letter A-D for Vol >= 83
@string{jhm    ={J. Hazard. Mater.}}
@string{jinc   ={J. Inorg. Nucl. Chem.}}
@string{jlc    ={J. Liq. Chromatogr.}}
@string{jm     ={J. Meteorol.}}
@string{jms    ={J. Mol. Struct.}}
@string{jne    ={J. Nucl. Energy}}
@string{jnm    ={J. Nucl. Mater.}}
@string{joc    ={J. Org. Chem.}}
@string{jp     ={J. Photochem.}}
@string{jpc    ={J. Phys. Chem.}} % until Vol 100
@string{jpca   ={J. Phys. Chem. A}} % starting Vol 101
@string{jpcb   ={J. Phys. Chem. B}} % starting Vol 101
@string{jpcrd  ={J. Phys. Chem. Ref. Data}}
@string{jppa   ={J. Photochem. Photobiol. A: Chem.}}
@string{jrnc   ={J. Radioanal. Nucl. Chem.}}
@string{jsc    ={J. Solution Chem.}}
@string{jsr    ={J. Sea Res.}}
@string{lo     ={Limnol. Oceanogr.}}
@string{mc     ={Mar. Chem.}}
@string{meps   ={Mar. Ecol. Prog. Ser.}}
@string{mpb    ={Mar. Pollut. Bull.}}
@string{nat    ={Nature}}
@string{natwis ={Naturwissenschaften}}
@string{nim    ={Nucl. Instrum. Methods}}
@string{nimpr  ={Nucl. Instrum. Methods Phys. Res. B}} % correct??? qqq
@string{ogj    ={Oil Gas J.}}           % include NUMBER in addition to VOLUME
@string{pac    ={Pure Appl. Chem.}}
@string{pag    ={Pure Appl. Geophys.}}
@string{pccp   ={Phys. Chem. Chem. Phys.}} % new: combination of bbpc and jcsft
@string{phys   ={Physica}}
@string{prslb  ={Proc. R. Soc. Lond. B}}
@string{pss    ={Planet. Space Sci.}}
@string{qjrms  ={Q. J. R. Meteorol. Soc.}}
@string{rect   ={Rev. Environ. Contam. Toxicol.}}
@string{rg     ={Rev. Geophys.}}
@string{rgsp   ={Rev. Geophys. Space Phys.}}
@string{rjpcet ={Russ. J. Phys. Chem., Engl. Transl.}}
@string{rpc    ={Radiat. Phys. Chem.}}
@string{sc     ={Sci. China}}
@string{sci    ={Science}}
@string{sciam  ={Scientific American}}
@string{sdw    ={Spektrum der Wissenschaft}}
@string{sg     ={Surv. Geophys.}}
@string{tel    ={Tellus}} % include letter B for Vol >= 35
@string{tfs    ={Trans. Faraday Soc.}} % after vol 67 see jcsft1 and jcsft2
@string{wasp   ={Water Air Soil Pollut.}}
@string{wm     ={Waste Manage.}}
@string{wr     ={Wat. Res.}}
@string{wst    ={Wat. Sci. Tech.}}
@string{zac    ={Z. Angew. Chem.}}
@string{zn     ={Z. Naturforsch.}}
@string{zpc    ={Z. Phys. Chem.}}

@TECHREPORT{2002:Curtis-Sweetenham,
KEYWORD      = {facsimile},
AUTHOR       = {A. R. Curtis and W. P. Sweetenham},
TITLE        = {Facsimile/Chekmat User's Manual},
INSTITUTION  = {Computer Science and Systems Division, Harwell
Lab., Oxfordshire, Great Britain},
MONTH        = aug,
YEAR         = 1987}

@ARTICLE{2002:vonGlasow,
KEYWORD      = {model and MBL and \chem{Br_2}},
AUTHOR       = {R. {von Glasow} and R. Sander and A. Bott and P. J. Crutzen},
TITLE        = {Modeling halogen chemistry in the marine boundary layer. 1.
{C}loud-free MBL},
JOURNAL      = jgr,
VOLUME       = {107D},
EID          = {4341},
DOI          = {10.1029/2001JD000942},
YEAR         = 2002}

@ARTICLE{2003:vonKuhlmann,
KEYWORD      = {model},
AUTHOR       = {R. von Kuhlmann and M. G. Lawrence and P. J. Crutzen and P. J. 
Rasch},
TITLE        = {A model for studies of tropospheric ozone and nonmethane 
hydrocarbons: Model description and ozone results},
JOURNAL      = jgr,
VOLUME       = {108D},
DOI          = {10.1029/2002JD002893},
YEAR         = 2003}

@ARTICLE{2003:Djouad,
KEYWORD      = {model},
AUTHOR       = {R. Djouad and B. Sportisse and N. Audiffren},
TITLE        = {Reduction of multiphase atmospheric chemistry},
JOURNAL      = jac,
VOLUME       = {46},
PAGES        = {131-157},
YEAR         = 2003}

@ARTICLE{2004:IUPAC,
  KEYWORD =      {iupac and data-tables and rate-const},
  AUTHOR =       {R. Atkinson and D. L. Baulch and R. A. Cox and J. N.
                  Crowley and R. F. Hampson and R. G. Hynes and M. E.
                  Jenkin and M. J. Rossi and J. Troe},
  TITLE =        {Evaluated kinetic and photochemical data for
                  atmospheric chemistry: Volume I -- gas phase reactions
                  of \chem{O_x}, \chem{HO_x}, \chem{NO_x} and
                  \chem{SO_x} species},
  JOURNAL =      acp,
  VOLUME =       4,
  PAGES =        {1461-1738},
  DOI =          {10.5194/ACP-4-1461-2004},
  YEAR =         2004
}

@ARTICLE{2004:Lehmann,
AUTHOR       = {R. Lehmann},
TITLE        = {An algorithm for the determination of all significant pathways
in chemical reaction systems},
JOURNAL      = jac,
VOLUME       = {47},
PAGES        = {45-78},
YEAR         = 2004}

@ARTICLE{2005:Sander,
AUTHOR       = {R. Sander and A. Kerkweg and P. J\"ockel and J. Lelieveld},
TITLE        = {Technical Note: The new comprehensive atmospheric chemistry
module MECCA},
JOURNAL      = acp,
VOLUME       = {5},
PAGES        = {445-450},
YEAR         = 2005}

@ARTICLE{2003:Trentman,
KEYWORD      = {kpp},
AUTHOR       = {J. Trentmann and M. O. Andreae and H.-F. Graf},
TITLE        = {Chemical processes in a young biomass-burning plume},
JOURNAL      = jgr,
VOLUME       = {108D},
DOI          = {10.1029/2003JD003732},
YEAR         = 2003}

@ARTICLE{2003:Tang,
KEYWORD      = {kpp},
AUTHOR       = {Y. Tang and G. R. Carmichael and I. Uno and J.-H. Woo and G.
Kurata and B. Lefer and R. E. Shetter and H. Huang and B. E. Anderson and M. A.
Avery and A. D. Clarke and D. R. Blake},
TITLE        = {Impacts of aerosols and clouds on photolysis frequencies and
photochemistry during TRACE-P: 2. Three-dimensional study using a
regional chemical transport model},
JOURNAL      = jgr,
VOLUME       = {108D},
DOI          = {10.1029/2002JD003100},
YEAR         = 2003}

@ARTICLE{2003:Sandu,
AUTHOR       = {A. Sandu and D. Daescu and G. R. Carmichael},
TITLE        = {Direct and adjoint sensitivity analysis of chemical kinetic
systems with KPP: I -- Theory and software tools},
JOURNAL      = ae,
VOLUME       = {37},
PAGES        = {5083-5096},
YEAR         = 2003}

@ARTICLE{2003:Daescu,
AUTHOR       = {D. Daescu and A. Sandu and G. R. Carmichael},
TITLE        = {Direct and adjoint sensitivity analysis of chemical kinetic
systems with KPP: II -- Validation and numerical experiments},
JOURNAL      = ae,
VOLUME       = {37},
PAGES        = {5097-5114},
YEAR         = 2003}

@MASTERSTHESIS{1996:Damian-Iordache,
AUTHOR       = {V. Damian-Iordache},
TITLE        = {KPP -- Chemistry simulation development environment},
SCHOOL       = {University of Iowa, USA},
YEAR         = 1996}

@BOOK{1996:Hairer-Wanner,
AUTHOR       = {E. Hairer and G. Wanner},
TITLE        = {Solving Ordinary Differential Equations II. Stiff and
Differential-Algebraic Problems},
PUBLISHER    = {Springer-Verlag},
YEAR         = 1996}

